@article{sprong,
author          = {Sprong, M.W.},
title           = {The Swingup Control Problem For The Acrobot},
journal         = {IEEE Control Systems},
year            = {1996},
}
@book{tedrake,
  author       = {Russ Tedrake}, 
  title        = {Underactuated Robotics: Algorithms for Walking, Running, Swimming, Flying, and Manipulation},
  publisher    = {MIT},
  year         = {2016},
}